
@article{liu2014novo,
  title={De novo protein sequencing by combining top-down and bottom-up tandem mass spectra},
  author={Liu, Xiaowen and Dekker, Lennard JM and Wu, Si and Vanduijn, Martijn M and Luider, Theo M and Tolic, Nikola and Kou, Qiang and Dvorkin, Mikhail and Alexandrova, Sonya and Vyatkina, Kira and others},
  journal={Journal of proteome research},
  volume={13},
  number={7},
  pages={3241--3248},
  year={2014},
  publisher={ACS Publications}
}

@article{shadab2020deepdbp,
  title={DeepDBP: deep neural networks for identification of DNA-binding proteins},
  author={Shadab, Shadman and Khan, Md Tawab Alam and Neezi, Nazia Afrin and Adilina, Sheikh and Shatabda, Swakkhar},
  journal={Informatics in Medicine Unlocked},
  volume={19},
  pages={100318},
  year={2020},
  publisher={Elsevier}
}

@article{gunasekaran2021analysis,
  title={Analysis of DNA Sequence Classification Using CNN and Hybrid Models},
  author={Gunasekaran, Hemalatha and Ramalakshmi, K and Rex Macedo Arokiaraj, A and Deepa Kanmani, S and Venkatesan, Chandran and Suresh Gnana Dhas, C},
  journal={Computational and Mathematical Methods in Medicine},
  volume={2021},
  year={2021},
  publisher={Hindawi}
}

@article{lewis2003therapeutic,
  title={Therapeutic potential of venom peptides},
  author={Lewis, Richard J and Garcia, Maria L},
  journal={Nature reviews drug discovery},
  volume={2},
  number={10},
  pages={790--802},
  year={2003},
  publisher={Nature Publishing Group}
}

@article{thakkar2009high,
  title={High-throughput sequencing of peptoids and peptide- peptoid hybrids by partial Edman degradation and mass spectrometry},
  author={Thakkar, Amit and Cohen, Allison S and Connolly, Michael D and Zuckermann, Ronald N and Pei, Dehua},
  journal={Journal of combinatorial chemistry},
  volume={11},
  number={2},
  pages={294--302},
  year={2009},
  publisher={ACS Publications}
}

@article{mai2022highly,
  title={Highly Robust de Novo Full-Length Protein Sequencing},
  author={Mai, Zhi-Biao and Zhou, Zhong-Hua and He, Qing-Yu and Zhang, Gong},
  journal={Analytical Chemistry},
  volume={94},
  number={8},
  pages={3467--3475},
  year={2022},
  publisher={ACS Publications}
}

@article{ma2012novo,
  title={De novo sequencing and homology searching},
  author={Ma, Bin and Johnson, Richard},
  journal={Molecular \& cellular proteomics},
  volume={11},
  number={2},
  year={2012},
  publisher={ASBMB}
}

@article{yang2021full,
  title={Full-length Protein Sequencing Based on Continuous Digestion Using Non-specific Proteases},
  author={Yang, Chao and Shan, Yi-Chu and Zhang, Wei-Jie and Dai, Zhong-Peng and Zhang, Li-Hua and Zhang, Yu-Kui},
  journal={ACTA CHIMICA SINICA},
  volume={79},
  number={5},
  pages={664--670},
  year={2021},
  publisher={SCIENCE PRESS 16 DONGHUANGCHENGGEN NORTH ST, BEIJING 100717, PEOPLES R CHINA}
}

@article{eng1994approach,
  title={An approach to correlate tandem mass spectral data of peptides with amino acid sequences in a protein database},
  author={Eng, Jimmy K and McCormack, Ashley L and Yates, John R},
  journal={Journal of the american society for mass spectrometry},
  volume={5},
  number={11},
  pages={976--989},
  year={1994},
  publisher={ACS Publications}
}

@article{perkins1999probability,
  title={Probability-based protein identification by searching sequence databases using mass spectrometry data},
  author={Perkins, David N and Pappin, Darryl JC and Creasy, David M and Cottrell, John S},
  journal={ELECTROPHORESIS: An International Journal},
  volume={20},
  number={18},
  pages={3551--3567},
  year={1999},
  publisher={Wiley Online Library}
}

@article{mann2016rise,
  title={The rise of mass spectrometry and the fall of Edman degradation},
  author={Mann, Matthias},
  journal={Clinical Chemistry},
  volume={62},
  number={1},
  pages={293},
  year={2016},
  publisher={Oxford University Press}
}

@article{standing2003peptide,
  title={Peptide and protein de novo sequencing by mass spectrometry},
  author={Standing, Kenneth G},
  journal={Current opinion in structural biology},
  volume={13},
  number={5},
  pages={595--601},
  year={2003},
  publisher={Elsevier}
}

@article{edman1949method,
  title={A method for the determination of the amino acid sequence in peptides.},
  author={Edman, P and others},
  journal={Arch. Biochem.},
  volume={22},
  pages={475--476},
  year={1949}
}

@article{bandeira2008automated,
  title={Automated de novo protein sequencing of monoclonal antibodies},
  author={Bandeira, Nuno and Pham, Victoria and Pevzner, Pavel and Arnott, David and Lill, Jennie R},
  journal={Nature biotechnology},
  volume={26},
  number={12},
  pages={1336--1338},
  year={2008},
  publisher={Nature Publishing Group}
}

@article{bandeira2007spectral,
  title={Spectral networks: a new approach to de novo discovery of protein sequences and posttranslational modifications},
  author={Bandeira, Nuno},
  journal={BioTechniques},
  volume={42},
  number={6},
  pages={687--695},
  year={2007},
  publisher={Future Science}
}

@article{veltman2012novo,
  title={De novo mutations in human genetic disease},
  author={Veltman, Joris A and Brunner, Han G},
  journal={Nature Reviews Genetics},
  volume={13},
  number={8},
  pages={565--575},
  year={2012},
  publisher={Nature Publishing Group}
}

@article{wang2015advances,
  title={Advances and applications of single-cell sequencing technologies},
  author={Wang, Yong and Navin, Nicholas E},
  journal={Molecular cell},
  volume={58},
  number={4},
  pages={598--609},
  year={2015},
  publisher={Elsevier}
}

@article{pareek2011sequencing,
  title={Sequencing technologies and genome sequencing},
  author={Pareek, Chandra Shekhar and Smoczynski, Rafal and Tretyn, Andrzej},
  journal={Journal of applied genetics},
  volume={52},
  number={4},
  pages={413--435},
  year={2011},
  publisher={Springer}
}

@misc{ncbi,
  author        = {{National Center for Biotechnology Information}},
  title         = {Blast},
  month         = "May. 8,",
  year          = "2022 [Online]",
  url           = "https://blast.ncbi.nlm.nih.gov/Blast.cgi?PAGE=Proteins"
}